<record><leader>00000cas a2200000Ia 4500</leader><controlfield tag="001">19762126</controlfield><controlfield tag="008">890525d191u1940kyuwr ne      0    0eng d</controlfield><datafield ind1=" " ind2=" " tag="010"><subfield code="a">sn 89058423 </subfield></datafield><datafield ind1=" " ind2=" " tag="040"><subfield code="a">KNP</subfield><subfield code="b">eng</subfield><subfield code="c">KNP</subfield><subfield code="d">OCLCQ</subfield><subfield code="d">KYUBL</subfield><subfield code="d">OCLCF</subfield><subfield code="d">OCLCO</subfield></datafield><datafield ind1="0" ind2="4" tag="245"><subfield code="a">The Wilmore enterprise.</subfield></datafield><datafield ind1=" " ind2=" " tag="260"><subfield code="a">Wilmore, Ky. :</subfield><subfield code="b">Fitzhugh &amp; May</subfield></datafield><datafield ind1=" " ind2=" " tag="300"><subfield code="a">v. :</subfield><subfield code="b">ill.</subfield></datafield><datafield ind1=" " ind2=" " tag="310"><subfield code="a">Weekly</subfield></datafield><datafield ind1=" " ind2=" " tag="588"><subfield code="a">Description based on: Vol. 1, no. 30 (July 2, 1914).</subfield></datafield><datafield ind1=" " ind2="0" tag="651"><subfield code="a">Wilmore (Ky.)</subfield><subfield code="v">Newspapers.</subfield></datafield><datafield ind1=" " ind2="0" tag="651"><subfield code="a">Jessamine County (Ky.)</subfield><subfield code="v">Newspapers.</subfield></datafield><datafield ind1=" " ind2="7" tag="655"><subfield code="a">Newspapers.</subfield><subfield code="2">fast</subfield><subfield code="0">(OCoLC)fst01423814</subfield></datafield><datafield ind1=" " ind2="7" tag="651"><subfield code="a">Kentucky</subfield><subfield code="z">Jessamine County.</subfield><subfield code="2">fast</subfield><subfield code="0">(OCoLC)fst01205726</subfield></datafield><datafield ind1=" " ind2="7" tag="651"><subfield code="a">Kentucky</subfield><subfield code="z">Wilmore.</subfield><subfield code="2">fast</subfield><subfield code="0">(OCoLC)fst01217723</subfield></datafield><datafield ind1=" " ind2=" " tag="752"><subfield code="a">United States</subfield><subfield code="b">Kentucky</subfield><subfield code="c">Jessamine</subfield><subfield code="d">Wilmore.</subfield></datafield><datafield ind1="0" ind2="0" tag="785"><subfield code="t">Wilmore news (Wilmore, Ky. : 1940)</subfield><subfield code="w">(DLC)sn 89058424</subfield></datafield></record>